<?xml version="1.0" encoding="UTF-8"?><record xmlns="http://www.loc.gov/MARC21/slim" xmlns:cinclude="http://apache.org/cocoon/include/1.0" xmlns:zs="http://www.loc.gov/zing/srw/">
  <leader>00397cz  a2200133n  4500</leader>
  <controlfield tag="001">n  82222450 </controlfield>
  <controlfield tag="003">DLC</controlfield>
  <controlfield tag="005">19950817093637.7</controlfield>
  <controlfield tag="008">831219n| acannaab|          |n aaa |||  </controlfield>
  <datafield tag="010" ind1=" " ind2=" ">
    <subfield code="a">n  82222450 </subfield>
  </datafield>
  <datafield tag="040" ind1=" " ind2=" ">
    <subfield code="a">DLC</subfield>
    <subfield code="c">DLC</subfield>
    <subfield code="d">DLC</subfield>
  </datafield>
  <datafield tag="100" ind1="1" ind2="0">
    <subfield code="a">Lindmark, Dan</subfield>
  </datafield>
  <datafield tag="670" ind1=" " ind2=" ">
    <subfield code="a">Jonsson, P. Rättsskyddsförsäkringen, synad i fogarna, 1982:</subfield>
    <subfield code="b">t.p. (Dan Lindmark)</subfield>
  </datafield>
  <datafield tag="670" ind1=" " ind2=" ">
    <subfield code="a">Sve. bok. 1995</subfield>
    <subfield code="b">(Lindmark, Dan, 1958- )</subfield>
  </datafield>
</record>